@inproceedings{di2024onot,
  title     = {ONOT: a High-Quality ICAO-compliant Synthetic Mugshot Dataset},
  author    = {Di Domenico, Nicol{`o} and Borghi, Guido and Franco, Annalisa and Maltoni, Davide and others},
  booktitle = {The 18th IEEE International Conference on Automatic Face and Gesture Recognition (FG)},
  pages     = {1--6},
  year      = {2024}
}

@inproceedings{10372944,
  author    = {Abdelrahman, Ahmed A. and Hempel, Thorsten and Khalifa, Aly and Al-Hamadi, Ayoub and Dinges, Laslo},
  booktitle = {2023 8th International Conference on Frontiers of Signal Processing (ICFSP)},
  title     = {L2CS-Net : Fine-Grained Gaze Estimation in Unconstrained Environments},
  year      = {2023},
  volume    = {},
  number    = {},
  pages     = {98-102},
  keywords  = {Solid modeling;Convolution;Neural networks;Estimation;Lightning;Human-robot interaction;Virtual reality;Appearance-based gaze estimation;Gaze Analysis;Gaze Tracking;Convolutional Neural Network},
  doi       = {10.1109/ICFSP59764.2023.10372944}
}

@inproceedings{borghi2024tono,
  title     = {TONO: a Synthetic Dataset for Face Image Compliance to ISO/ICAO Standard},
  author    = {Borghi, Guido and Franco, Annalisa and Di Domenico, Nicol{\`o} and Maltoni, Davide},
  booktitle = {The 18th European Conference on Computer Vision Workshops 2024},
  year      = {2024}
}

@inproceedings{fvcongoing,
  title     = {Fingerprint and On-Line Signature Verification Competitions at ICB 2009},
  author    = {Dorizzi, B. and Cappelli, R. and Ferrara, M. and Maio, D. and Maltoni, D. and Houmani, N. and Garcia-Salicetti, S. and Mayoue, A.},
  booktitle = {Proceedings of the International Conference on Biometrics (ICB)},
  address   = {Alghero, Italy},
  pages     = {725--732},
  year      = {2009}
}
